
@book{latex:companion,
  author = {Frank Mittelbach and Michel Gossens
            and Johannes Braams and David Carlisle
            and Chris Rowley},
  year = {2004},
  title = {The {\LaTeX} Companion},
  publisher = {Addison-Wesley Professional},
  edition = {2}
}

@book{latex2e,
  author = {Leslie Lamport},
  year = {1994},
  title = {{\LaTeX}: a Document Preparation System},
  publisher = {Addison Wesley},
  address = {Massachusetts},
  edition = {2}
}

@article{knuth:1984,
  title={Literate Programming},
  author={Donald E. Knuth},
  journal={The Computer Journal},
  volume={27},
  number={2},
  pages={97--111},
  year={1984},
  publisher={Oxford University Press}
}

@inproceedings{lesk:1977,
  title={Computer Typesetting of Technical Journals on {UNIX}},
  author={Michael Lesk and Brian Kernighan},
  booktitle={Proceedings of American Federation of
             Information Processing Societies: 1977
             National Computer Conference},
  pages={879--888},
  year={1977},
  address={Dallas, Texas}
}

@book{Goodfellow-et-al-2016,
    title={Deep Learning},
    author={Ian Goodfellow and Yoshua Bengio and Aaron Courville},
    publisher={MIT Press},
    note={\url{http://www.deeplearningbook.org}},
    year={2016}
}

@book{chappell-neuroimaging,
    title={Introduction to Neuroimaging Analysis },
    author={Mark Jenkinson, Michael Chappell},
    publisher={OUP Oxford},
    year={2017}
}


@article{Yang2020,
title = {A Deep Neural Network Study of the ABIDE Repository on Autism Spectrum Classification},
journal = {International Journal of Advanced Computer Science and Applications},
doi = {10.14569/IJACSA.2020.0110401},
url = {http://dx.doi.org/10.14569/IJACSA.2020.0110401},
year = {2020},
publisher = {The Science and Information Organization},
volume = {11},
number = {4},
author = {Xin Yang and Paul T. Schrader and Ning Zhang}
} 

@article{Triantafyllou2011,
title = {Echo-Time and Field Strength Dependence of BOLD Reactivity in Veins and Parenchyma Using Flow-Normalized Hypercapnic Manipulation},
journal = {},
doi = {},
url = {https://doi.org/10.1371/journal.pone.0024519}
author = {Triantafyllou C, Wald LL, Hoge RD (2011) }
} 


@article{pomponio,
Pomponio R;Erus G;Habes M;Doshi J;Srinivasan D;Mamourian E;Bashyam V;Nasrallah IM;Satterthwaite TD;Fan Y;Launer LJ;Masters CL;Maruff P;Zhuo C;Völzke H;Johnson SC;Fripp J;Koutsouleris N;Wolf DH;Gur R;Gur R;Morris J;Albert MS;Grabe HJ;Resnick SM;Bryan RN;Wo. “Harmonization of Large MRI Datasets for the Analysis of Brain Imaging Patterns throughout the Lifespan.” NeuroImage, U.S. National Library of Medicine, https://pubmed.ncbi.nlm.nih.gov/31821869/. 
}

% https://developers.google.com/machine-learning/crash-course/classification/precision-and-recall

%Boyle GE, Ahern M, Cooke J, Sheehy NP, Meaney JF. An interactive taxonomy of MR imaging sequences. Radiographics. 2006 Nov-Dec;26(6):e24; quiz e24. doi: 10.1148/rg.e24. PMID: 16971691.

